@misc{decisionos_genesis,
  title        = {Decision-OS Genesis (Polaris) Proof Ledger},
  author       = {Shin},
  year         = {2025},
  howpublished = {\url{https://github.com/shin4141/decision-os-genesis}}
}
